@article{bell:1964,
  title={On the einstein podolsky rosen paradox},
  author={Bell, John S},
  journal={Physics Physique Fizika},
  volume={1},
  number={3},
  pages={195},
  year={1964},
  publisher={APS}}

@article{kochen:1967,
 ISSN = {00959057, 19435274},
 URL = {http://www.jstor.org/stable/24902153},
 author = {SIMON KOCHEN and E. P. SPECKER},
 journal = {Journal of Mathematics and Mechanics},
 number = {1},
 pages = {59--87},
 publisher = {Indiana University Mathematics Department},
 title = {The Problem of Hidden Variables in Quantum Mechanics},
 urldate = {2023-07-04},
 volume = {17},
 year = {1967}}

@article{mermin:1990,
  title = {Simple unified form for the major no-hidden-variables theorems},
  author = {Mermin, N. David},
  journal = {Phys. Rev. Lett.},
  volume = {65},
  issue = {27},
  pages = {3373--3376},
  numpages = {0},
  year = {1990},
  month = {Dec},
  publisher = {American Physical Society},
  doi = {10.1103/PhysRevLett.65.3373},
  url = {https://link.aps.org/doi/10.1103/PhysRevLett.65.3373}}

@article{peresn:1990,
  title={Incompatible results of quantum measurements},
  author={Peres, Asher},
  journal={Physics Letters A},
  volume={151},
  number={3-4},
  pages={107--108},
  year={1990},
  publisher={Elsevier}}

@article{deutsch:1992,
  title={Rapid solution of problems by quantum computation},
  author={Deutsch, David and Jozsa, Richard},
  journal={Proceedings of the Royal Society of London. Series A: Mathematical and Physical Sciences},
  volume={439},
  number={1907},
  pages={553--558},
  year={1992},
  publisher={The Royal Society London}}

@article{mermin:1993,
  title = {Hidden variables and the two theorems of John Bell},
  author = {Mermin, N. David},
  journal = {Rev. Mod. Phys.},
  volume = {65},
  issue = {3},
  pages = {803--815},
  numpages = {0},
  year = {1993},
  month = {Jul},
  publisher = {American Physical Society},
  doi = {10.1103/RevModPhys.65.803},
  url = {https://link.aps.org/doi/10.1103/RevModPhys.65.803}}

@book{peres:1997,
  title={Quantum theory: concepts and methods},
  author={Peres, Asher},
  volume={72},
  year={1997},
  publisher={Springer}}

@article{brassard:1999,
  title = {Cost of Exactly Simulating Quantum Entanglement with Classical Communication},
  author = {Brassard, Gilles and Cleve, Richard and Tapp, Alain},
  journal = {Phys. Rev. Lett.},
  volume = {83},
  issue = {9},
  pages = {1874--1877},
  numpages = {0},
  year = {1999},
  month = {Aug},
  publisher = {American Physical Society},
  doi = {10.1103/PhysRevLett.83.1874},
  url = {https://link.aps.org/doi/10.1103/PhysRevLett.83.1874}}

@article{aravind:2002,
  title={Bell's theorem without inequalities and only two distant observers},
  author={Aravind, Padmanabhan K},
  journal={Journal of Genetic Counseling},
  volume={15},
  pages={397--405},
  year={2002},
  publisher={Springer}}

@inproceedings{cleve:2004,
  author={Cleve, R. and Hoyer, P. and Toner, B. and Watrous, J.},
  booktitle={Proceedings. 19th IEEE Annual Conference on Computational Complexity, 2004.}, 
  title={Consequences and limits of nonlocal strategies}, 
  year={2004},
  volume={},
  number={},
  pages={236-249},
  doi={10.1109/CCC.2004.1313847}}

@article{brassard:2005,
	abstract = {Quantum information processing is at the
                  crossroads of physics, mathematics and computer
                  science. It is concerned with what we can and cannot
                  do with quantum information that goes beyond the
                  abilities of classical information processing
                  devices. Communication complexity is an area of
                  classical computer science that aims at quantifying
                  the amount of communication necessary to solve
                  distributed computational problems. Quantum
                  communication complexity uses quantum mechanics to
                  reduce the amount of communication that would be
                  classically required.},
	author = {Brassard, Gilles and Broadbent, Anne and Tapp, Alain},
	date = {2005/11/01},
	date-added = {2023-05-15 16:51:23 -0300},
	date-modified = {2023-05-15 16:51:23 -0300},
	doi = {10.1007/s10701-005-7353-4},
	id = {Brassard2005},
	isbn = {1572-9516},
	journal = {Foundations of Physics},
	number = {11},
	pages = {1877--1907},
	title = {Quantum Pseudo-Telepathy},
	url = {https://doi.org/10.1007/s10701-005-7353-4},
	volume = {35},
	year = {2005},
	bdsk-url-1 = {https://doi.org/10.1007/s10701-005-7353-4}}

@article{arkhipov:2012,
  title={Extending and characterizing quantum magic games},
  author={Arkhipov, Alex},
  journal={arXiv preprint arXiv:1209.3819},
  year={2012}}

@online{breinig:online,
  author={Breinig, Marianne and Hitchcock, James},
  title={A Pseudo-Telepathy Game},
  url={http://electron6.phys.utk.edu/phys250/modules/module%203/mathematical_details.htm},
  note={Last visited on July 4th, 2023}}